% Encoding: UTF-8

@misc{fodor2020integral,
    title={Why integral equations should be used instead of differential equations to describe the dynamics of epidemics},
    author={Z. Fodor and S. D. Katz and T. G. Kovacs},
    year={2020},
    eprint={2004.07208},
    archivePrefix={arXiv},
    primaryClass={q-bio.PE}
}

@Article{LloydSmithNovember2020,
  author  = {Lloyd-Smith, J. O. and Schreiber, S. J. and Kopp, P. E. and Getz, W. M.},
  journal = {Nature Vol 438|17},
  title   = {Superspreading and the effect of individual variation on disease emergence},
  year    = {November, 2020},
}
@Article{Kermack1927,
  author  = {Kermack, W.O. and McKendrick, A.G.},
  journal = {Proc. Roy. Soc. London Ser. A , 115, pp. 700-721.},
  title   = {Contributions to the mathematical theory of epidemics, part 1},
  year    = {1927},
}

@Article{Hethcote2000,
  author  = {Hethcote, H.W.},
  journal = {SIAM Review, Vol. 42, No. 4., pp. 599-653},
  title   = {The Mathematics of Infectious Diseases},
  year    = {2000},
}

@Article{Tang2020,
  author  = {Tang, B. and Wang, X. amd Li, Q. and Bragazzi, N.L. amd Tang, S. and Xiao, Y. and Wu, J.},
  journal = {J. Clin. Med., 9, 462.},
  title   = {Estimation of the Transmission Risk of the 2019-nCoV and Its Implication for Public Health Interventions.},
  year    = {2020},
}

@Comment{jabref-meta: databaseType:bibtex;}
